<?xml version="1.0" encoding="UTF-8"?><collection xmlns="http://www.loc.gov/MARC21/slim"><record><leader>00641nam--2200217-u-4500</leader><controlfield tag="001">000051120</controlfield><controlfield tag="002">20161230</controlfield><controlfield tag="005">20161230201049</controlfield><controlfield tag="008">080520s1000------------r-----000-0-eng-d</controlfield><datafield ind1=" " ind2=" " tag="020"><subfield code="a">0-387-95125-3</subfield></datafield><datafield ind1=" " ind2=" " tag="040"><subfield code="a">IFIN-HH</subfield></datafield><datafield ind1=" " ind2=" " tag="080"><subfield code="a">512:51.7</subfield></datafield><datafield ind1="1" ind2=" " tag="100"><subfield code="a">Saint - Aubin, Yvan; Vinet, Luc (Eds.)</subfield></datafield><datafield ind1="1" ind2=" " tag="245"><subfield code="a">Algebraic Methods in Physics. A Symposium for the 60th Birthdays of Jiri Patera and Pavel Winternitz</subfield></datafield><datafield ind1=" " ind2=" " tag="260"><subfield code="a">New York</subfield><subfield code="b">Springer-Verlag</subfield><subfield code="c">2001</subfield></datafield><datafield ind1=" " ind2=" " tag="300"><subfield code="a">259 p</subfield></datafield><datafield ind1=" " ind2=" " tag="490"><subfield code="a">CRM Series in Mathematical Physics</subfield></datafield><datafield ind1="1" ind2=" " tag="700"><subfield code="a">Yvan Saint-Aubin</subfield></datafield><datafield ind1="L" ind2="u" tag="700"><subfield code="c">Vinet</subfield></datafield><datafield ind1=" " ind2=" " tag="852"><subfield code="a">81642</subfield><subfield code="c">512</subfield></datafield><datafield ind1=" " ind2=" " tag="CAT"><subfield code="a">Sys</subfield><subfield code="c">20080520</subfield><subfield code="h">141144</subfield></datafield></record></collection>